
@book{huang,
    title={Researches on current distribution and plate conductivity of valve-regulated lead-acid batteries},
    author={Tao Huang, Wenjun Ou, Bo Feng et al},
    journal={Journal of Power Sources 210},
    year={2012}
}

@book{kowal,
    title={Spatially-resolved impedance of nonlinear inhomogeneous devices using the example of lead-acid batteries},
    author={J. Kowal},
    year={2010}
}

huang}
%Tao Huang, Wenjun Ou, Bo Feng et al -  Researches on current distribution and
%plate conductivity of valve-regulated lead-acid batteries, Journal of Power
%Sources 210 (2012) 7-14
