@online{ChatGPTGen,
  author= {OpenAI},
  title={ChatGPT zur Textgenerierung},
  url="https://chat.openai.com/"
}

@online{ChatGPTOpt,
  author= {OpenAI},
  title={ChatGPT zur Optimierung des Textes},
  url="https://chat.openai.com/"
}

